<?xml version="1.0" encoding="UTF-8"?>
  <record xmlns="http://www.loc.gov/MARC21/slim" type="Authority">
    <leader>00000nz  a2200000oc 4500</leader>
    <controlfield tag="001">102040095</controlfield>
    <controlfield tag="003">DE-101</controlfield>
    <controlfield tag="005">20211021135329.0</controlfield>
    <controlfield tag="008">920623n||aznnnaabn           | aaa    |c</controlfield>
    <datafield tag="024" ind1="7" ind2=" ">
      <subfield code="a">102040095</subfield>
      <subfield code="0">http://d-nb.info/gnd/102040095</subfield>
      <subfield code="2">gnd</subfield>
    </datafield>
    <datafield tag="035" ind1=" " ind2=" ">
      <subfield code="a">(DE-101)102040095</subfield>
    </datafield>
    <datafield tag="035" ind1=" " ind2=" ">
      <subfield code="a">(DE-588)102040095</subfield>
    </datafield>
    <datafield tag="035" ind1=" " ind2=" ">
      <subfield code="z">(DE-588a)102040095</subfield>
      <subfield code="9">v:zg</subfield>
    </datafield>
    <datafield tag="040" ind1=" " ind2=" ">
      <subfield code="a">DE-7</subfield>
      <subfield code="c">DE-7</subfield>
      <subfield code="9">r:DE-601</subfield>
      <subfield code="b">ger</subfield>
      <subfield code="d">2214</subfield>
    </datafield>
    <datafield tag="042" ind1=" " ind2=" ">
      <subfield code="a">gnd3</subfield>
    </datafield>
    <datafield tag="043" ind1=" " ind2=" ">
      <subfield code="c">XA-DE</subfield>
    </datafield>
    <datafield tag="075" ind1=" " ind2=" ">
      <subfield code="b">p</subfield>
      <subfield code="2">gndgen</subfield>
    </datafield>
    <datafield tag="075" ind1=" " ind2=" ">
      <subfield code="b">piz</subfield>
      <subfield code="2">gndspec</subfield>
    </datafield>
    <datafield tag="079" ind1=" " ind2=" ">
      <subfield code="a">g</subfield>
      <subfield code="q">a</subfield>
      <subfield code="q">f</subfield>
    </datafield>
    <datafield tag="100" ind1="0" ind2=" ">
      <subfield code="a">Simon Heinrich</subfield>
      <subfield code="c">Lippe-Detmold, Graf</subfield>
      <subfield code="d">1649-1697</subfield>
    </datafield>
    <datafield tag="400" ind1="0" ind2=" ">
      <subfield code="a">Simon Henrich</subfield>
      <subfield code="c">Lippe-Detmold, Graf</subfield>
      <subfield code="d">1649-1697</subfield>
    </datafield>
    <datafield tag="400" ind1="0" ind2=" ">
      <subfield code="a">Simon Heinrich</subfield>
      <subfield code="c">Lippe, Graf</subfield>
      <subfield code="d">1649-1697</subfield>
    </datafield>
    <datafield tag="400" ind1="0" ind2=" ">
      <subfield code="a">Simon Henricus</subfield>
      <subfield code="c">Lippiae, Comes</subfield>
      <subfield code="d">1649-1697</subfield>
    </datafield>
    <datafield tag="400" ind1="1" ind2=" ">
      <subfield code="a">Lippe, Simon Henricus &#152;de&#156;</subfield>
      <subfield code="d">1649-1697</subfield>
    </datafield>
    <datafield tag="400" ind1="1" ind2=" ">
      <subfield code="a">Lippe, Simon Heinrich &#152;zur&#156;</subfield>
      <subfield code="d">1649-1697</subfield>
    </datafield>
    <datafield tag="400" ind1="1" ind2=" ">
      <subfield code="a">Zur Lippe, Simon Heinrich</subfield>
      <subfield code="d">1649-1697</subfield>
    </datafield>
    <datafield tag="400" ind1="1" ind2=" ">
      <subfield code="a">Lippe, Simon Heinrich &#152;von&#156;</subfield>
      <subfield code="d">1649-1697</subfield>
    </datafield>
    <datafield tag="400" ind1="0" ind2=" ">
      <subfield code="a">Simon Henricus</subfield>
      <subfield code="c">Lippiae Comitatus, Comes</subfield>
      <subfield code="d">1649-1697</subfield>
    </datafield>
    <datafield tag="500" ind1="1" ind2=" ">
      <subfield code="0">(DE-101)128453265</subfield>
      <subfield code="0">(DE-588)128453265</subfield>
      <subfield code="0">https://d-nb.info/gnd/128453265</subfield>
      <subfield code="a">Zur Lippe, Hermann Adolf</subfield>
      <subfield code="d">1616-1666</subfield>
      <subfield code="4">bezf</subfield>
      <subfield code="4">https://d-nb.info/standards/elementset/gnd#familialRelationship</subfield>
      <subfield code="w">r</subfield>
      <subfield code="i">Beziehung familiaer</subfield>
      <subfield code="e">Beziehung familiaer</subfield>
      <subfield code="9">v:Vater</subfield>
    </datafield>
    <datafield tag="500" ind1="0" ind2=" ">
      <subfield code="0">(DE-101)1055710876</subfield>
      <subfield code="0">(DE-588)1055710876</subfield>
      <subfield code="0">https://d-nb.info/gnd/1055710876</subfield>
      <subfield code="a">Amalia</subfield>
      <subfield code="c">Lippe-Detmold, Gräfin</subfield>
      <subfield code="d">1644-1700</subfield>
      <subfield code="4">bezf</subfield>
      <subfield code="4">https://d-nb.info/standards/elementset/gnd#familialRelationship</subfield>
      <subfield code="w">r</subfield>
      <subfield code="i">Beziehung familiaer</subfield>
      <subfield code="e">Beziehung familiaer</subfield>
      <subfield code="9">v:Ehefrau</subfield>
    </datafield>
    <datafield tag="500" ind1="1" ind2=" ">
      <subfield code="0">(DE-101)136724361</subfield>
      <subfield code="0">(DE-588)136724361</subfield>
      <subfield code="0">https://d-nb.info/gnd/136724361</subfield>
      <subfield code="a">Lippe-Detmold, Friedrich Adolf &#152;zur&#156;</subfield>
      <subfield code="d">1667-1718</subfield>
      <subfield code="4">bezf</subfield>
      <subfield code="4">https://d-nb.info/standards/elementset/gnd#familialRelationship</subfield>
      <subfield code="w">r</subfield>
      <subfield code="i">Beziehung familiaer</subfield>
      <subfield code="e">Beziehung familiaer</subfield>
      <subfield code="9">v:Sohn</subfield>
    </datafield>
    <datafield tag="500" ind1="0" ind2=" ">
      <subfield code="0">(DE-101)104311894</subfield>
      <subfield code="0">(DE-588)104311894</subfield>
      <subfield code="0">https://d-nb.info/gnd/104311894</subfield>
      <subfield code="a">Christoph Ludwig</subfield>
      <subfield code="c">Lippe-Detmold, Graf</subfield>
      <subfield code="d">1679-1747</subfield>
      <subfield code="4">bezf</subfield>
      <subfield code="4">https://d-nb.info/standards/elementset/gnd#familialRelationship</subfield>
      <subfield code="w">r</subfield>
      <subfield code="i">Beziehung familiaer</subfield>
      <subfield code="e">Beziehung familiaer</subfield>
      <subfield code="9">v:Sohn</subfield>
    </datafield>
    <datafield tag="500" ind1="1" ind2=" ">
      <subfield code="0">(DE-101)172477395</subfield>
      <subfield code="0">(DE-588)172477395</subfield>
      <subfield code="0">https://d-nb.info/gnd/172477395</subfield>
      <subfield code="a">Zur Lippe, Ferdinand Christian</subfield>
      <subfield code="d">1668-1724</subfield>
      <subfield code="4">bezf</subfield>
      <subfield code="4">https://d-nb.info/standards/elementset/gnd#familialRelationship</subfield>
      <subfield code="w">r</subfield>
      <subfield code="i">Beziehung familiaer</subfield>
      <subfield code="e">Beziehung familiaer</subfield>
      <subfield code="9">v:Sohn</subfield>
    </datafield>
    <datafield tag="500" ind1="0" ind2=" ">
      <subfield code="0">(DE-101)10218223X</subfield>
      <subfield code="0">(DE-588)10218223X</subfield>
      <subfield code="0">https://d-nb.info/gnd/10218223X</subfield>
      <subfield code="a">August Wolfhart</subfield>
      <subfield code="c">Lippe-Detmold, Graf</subfield>
      <subfield code="d">1688-1739</subfield>
      <subfield code="4">bezf</subfield>
      <subfield code="4">https://d-nb.info/standards/elementset/gnd#familialRelationship</subfield>
      <subfield code="w">r</subfield>
      <subfield code="i">Beziehung familiaer</subfield>
      <subfield code="e">Beziehung familiaer</subfield>
      <subfield code="9">v:Sohn</subfield>
    </datafield>
    <datafield tag="548" ind1=" " ind2=" ">
      <subfield code="a">1649-1697</subfield>
      <subfield code="4">datl</subfield>
      <subfield code="4">https://d-nb.info/standards/elementset/gnd#dateOfBirthAndDeath</subfield>
      <subfield code="w">r</subfield>
      <subfield code="i">Lebensdaten</subfield>
    </datafield>
    <datafield tag="550" ind1=" " ind2=" ">
      <subfield code="0">(DE-101)040217787</subfield>
      <subfield code="0">(DE-588)4021778-4</subfield>
      <subfield code="0">https://d-nb.info/gnd/4021778-4</subfield>
      <subfield code="a">Graf</subfield>
      <subfield code="4">adel</subfield>
      <subfield code="4">https://d-nb.info/standards/elementset/gnd#titleOfNobility</subfield>
      <subfield code="w">r</subfield>
      <subfield code="i">Adelstitel</subfield>
    </datafield>
    <datafield tag="551" ind1=" " ind2=" ">
      <subfield code="0">(DE-101)955547121</subfield>
      <subfield code="0">(DE-588)4528705-3</subfield>
      <subfield code="0">https://d-nb.info/gnd/4528705-3</subfield>
      <subfield code="a">Sternberg</subfield>
      <subfield code="g">Landkreis Ludwigslust-Parchim</subfield>
      <subfield code="4">ortg</subfield>
      <subfield code="4">https://d-nb.info/standards/elementset/gnd#placeOfBirth</subfield>
      <subfield code="w">r</subfield>
      <subfield code="i">Geburtsort</subfield>
    </datafield>
    <datafield tag="551" ind1=" " ind2=" ">
      <subfield code="0">(DE-101)040115550</subfield>
      <subfield code="0">(DE-588)4011555-0</subfield>
      <subfield code="0">https://d-nb.info/gnd/4011555-0</subfield>
      <subfield code="a">Detmold</subfield>
      <subfield code="4">orts</subfield>
      <subfield code="4">https://d-nb.info/standards/elementset/gnd#placeOfDeath</subfield>
      <subfield code="w">r</subfield>
      <subfield code="i">Sterbeort</subfield>
    </datafield>
    <datafield tag="667" ind1=" " ind2=" ">
      <subfield code="a">7</subfield>
    </datafield>
    <datafield tag="667" ind1=" " ind2=" ">
      <subfield code="a">VD-17</subfield>
    </datafield>
    <datafield tag="670" ind1=" " ind2=" ">
      <subfield code="a">Wikipedia</subfield>
      <subfield code="u">https://de.wikipedia.org/wiki/Simon_Heinrich_(Lippe)</subfield>
    </datafield>
    <datafield tag="672" ind1=" " ind2="0">
      <subfield code="a">Simon Heinrich &lt;Lippe-Detmold, Graf&gt;: Christliche Kirchen-Ordnung der Graffschafft Lippe *. - 1684</subfield>
    </datafield>
    <datafield tag="672" ind1=" " ind2="0">
      <subfield code="a">Simon Heinrich &lt;Lippe-Detmold, Graf&gt;: Christliche Kirchen-Ordnung der Graffschafft Lippe *</subfield>
    </datafield>
    <datafield tag="672" ind1=" " ind2="0">
      <subfield code="a">Hagemeier, Joachim: De Statu Imperii Germanici Epistola ... - 1678</subfield>
    </datafield>
    <datafield tag="672" ind1=" " ind2="0">
      <subfield code="a">Hagemeier, Joachim: Iuris Publici Europaei De Statu Imperii Germanici Epistola IV. ... - 1678</subfield>
    </datafield>
    <datafield tag="678" ind1=" " ind2=" ">
      <subfield code="b">ab 1665 Landesherr der Grafschaft Lippe-Detmold</subfield>
    </datafield>
    <datafield tag="913" ind1=" " ind2=" ">
      <subfield code="S">pnd</subfield>
      <subfield code="i">5</subfield>
      <subfield code="a">Simon Heinrich &lt;Lippe-Detmold, Graf&gt;</subfield>
      <subfield code="0">(DE-588a)102040095</subfield>
    </datafield>
  </record>
